@misc{Jende_Kobel_Pospiech_Bilow_Pedersen_Ould-Saada_Gramstad, title={Hands on Particle Physics}, url={https://atlas.physicsmasterclasses.org/en/zpath_feynman.htm}, journal={International physics masterclasses}, author={Jende, Konrad and Kobel, Michael and Pospiech, Gesche and Bilow, Uta and Pedersen, Maiken and Ould-Saada, Farid and Gramstad, Eirik}} 

@article{novikov1999theory,
  title={Theory of Z boson decays},
  author={Novikov, VA and Okun, LB and Rozanov, Alexandre N and Vysotsky, MI},
  journal={Reports on Progress in Physics},
  volume={62},
  number={9},
  pages={1275},
  year={1999},
  publisher={IOP Publishing}
}



@article{khodaverdian2019accuracy,
  title={Accuracy and Precision of the Z Boson Mass Measurement with the ATLAS Detector},
  author={Mariam D’Ciofalo Khodaverdian},
  year={2019},
  publisher={Kungsholmen’s Gymnasium}
}